@inproceedings{bauer2019resampled,
  title={Resampled priors for variational autoencoders},
  author={Bauer, Matthias and Mnih, Andriy},
  booktitle={The 22nd International Conference on Artificial Intelligence and Statistics},
  pages={66--75},
  year={2019}
}

@inproceedings{kingma2014auto,
  title={Auto-Encoding Variational Bayes},
  author={Kingma, Diederik P and Welling, Max},
  booktitle={ICLR},
  year={2014}
}

@inproceedings{kingma2014stochastic,
  title={Stochastic gradient VB and the variational auto-encoder},
  author={Kingma, Diederik P and Welling, Max},
  booktitle={ICLR},
  year={2014}
}

@inproceedings{rezende_stochastic_2014,
  title={Stochastic Backpropagation and Approximate Inference in Deep Generative Models},
  author={Rezende, Danilo Jimenez and Mohamed, Shakir and others},
  booktitle={ICML},
  year={2014}
}

@inproceedings{rezende_stochastic_2014,
  title={Stochastic Backpropagation and Approximate Inference in Deep Generative Models},
  author={Rezende, Danilo Jimenez and Mohamed, Shakir and others},
  booktitle={ICML},
  year={2014}
}

@inproceedings{salimans_markov_2015,
	title = {Markov chain monte carlo and variational inference: {Bridging} the gap},
	shorttitle = {Markov chain monte carlo and variational inference},
	booktitle = {ICML},
	author = {Salimans, Tim and Kingma, Diederik and others},
	year = {2015},
}

@inproceedings{kingma2014adam,
  title={Adam: A method for stochastic optimization},
  author={Kingma, Diederik P and Ba, Jimmy},
  booktitle={ICLR},
  year={2014}
}

@article{oord2016pixel,
  title={Pixel recurrent neural networks},
  author={Oord, Aaron van den and Kalchbrenner, Nal and others},
  journal={arXiv preprint arXiv:1601.06759},
  year={2016}
}

@inproceedings{goodfellow2014generative,
  title={Generative adversarial nets},
  author={Goodfellow, Ian and Pouget-Abadie, Jean and others},
  booktitle={Advances in neural information processing systems},
  pages={2672--2680},
  year={2014}
}

@article{dinh2016density,
  title={Density estimation using real nvp},
  author={Dinh, Laurent and Sohl-Dickstein, Jascha and others},
  journal={arXiv preprint arXiv:1605.08803},
  year={2016}
}

@inproceedings{kingma2018glow,
  title={Glow: Generative flow with invertible 1x1 convolutions},
  author={Kingma, Durk P and Dhariwal, Prafulla},
  booktitle={Advances in Neural Information Processing Systems},
  pages={10215--10224},
  year={2018}
}

@inproceedings{van2016conditional,
  title={Conditional image generation with pixelcnn decoders},
  author={Van den Oord, Aaron and Kalchbrenner, Nal and others},
  booktitle={Advances in neural information processing systems},
  pages={4790--4798},
  year={2016}
}

@inproceedings{kingma2016improved,
  title={Improved variational inference with inverse autoregressive flow},
  author={Kingma, Durk P and Salimans, Tim and others},
  booktitle={Advances in neural information processing systems},
  pages={4743--4751},
  year={2016}
}

@article{tomczak2016improving,
  title={Improving variational auto-encoders using householder flow},
  author={Tomczak, Jakub M and Welling, Max},
  journal={arXiv preprint arXiv:1611.09630},
  year={2016}
}

@inproceedings{tomczak2018vae,
  title={VAE with a VampPrior},
  author={Tomczak, Jakub and Welling, Max},
  booktitle={International Conference on Artificial Intelligence and Statistics},
  pages={1214--1223},
  year={2018}
}

@inproceedings{takahashi2019variational,
  title={Variational Autoencoder with Implicit Optimal Priors},
  author={Takahashi, Hiroshi and Iwata, Tomoharu and others},
  booktitle={Proceedings of the AAAI Conference on Artificial Intelligence},
  volume={33},
  pages={5066--5073},
  year={2019}
}

@inproceedings{wu2018wasserstein,
  title={Wasserstein divergence for gans},
  author={Wu, Jiqing and Huang, Zhiwu and others},
  booktitle={Proceedings of the European Conference on Computer Vision (ECCV)},
  pages={653--668},
  year={2018}
}

@article{kumar2019maximum,
  title={Maximum Entropy Generators for Energy-Based Models},
  author={Kumar, Rithesh and Goyal, Anirudh and others},
  journal={arXiv preprint arXiv:1901.08508},
  year={2019}
}

@article{nalisnick2018deep,
  title={Do deep generative models know what they don't know?},
  author={Nalisnick, Eric and Matsukawa, Akihiro and others},
  journal={arXiv preprint arXiv:1810.09136},
  year={2018}
}

@article{netzer2011reading,
  title={Reading digits in natural images with unsupervised feature learning},
  author={Netzer, Yuval and Wang, Tao and others},
  year={2011}
}

@article{lecun1998gradient,
  title={Gradient-based learning applied to document recognition},
  author={LeCun, Yann and Bottou, L{\'e}on and others},
  journal={Proceedings of the IEEE},
  volume={86},
  number={11},
  pages={2278--2324},
  year={1998},
  publisher={Taipei, Taiwan}
}

@online{xiao2017/online,
  author       = {Han Xiao and Kashif Rasul and others},
  title        = {Fashion-MNIST: a Novel Image Dataset for Benchmarking Machine Learning Algorithms},
  date         = {2017-08-28},
  year         = {2017},
  eprintclass  = {cs.LG},
  eprinttype   = {arXiv},
  eprint       = {cs.LG/1708.07747},
}

@book{gelfand2000calculus,
  title={Calculus of variations},
  author={Gelfand, Izrail Moiseevitch and Silverman, Richard A and others},
  year={2000},
  publisher={Courier Corporation}
}

@inproceedings{song2019generative,
  title={Generative modeling by estimating gradients of the data distribution},
  author={Song, Yang and Ermon, Stefano},
  booktitle={Advances in Neural Information Processing Systems},
  pages={11895--11907},
  year={2019}
}

@inproceedings{heusel2017gans,
  title={Gans trained by a two time-scale update rule converge to a local nash equilibrium},
  author={Heusel, Martin and Ramsauer, Hubert and others},
  booktitle={Advances in Neural Information Processing Systems},
  pages={6626--6637},
  year={2017}
}

@inproceedings{salimans2016improved,
  title={Improved techniques for training gans},
  author={Salimans, Tim and Goodfellow, Ian and others},
  booktitle={Advances in neural information processing systems},
  pages={2234--2242},
  year={2016}
}

@article{maaloe2019biva,
  title={BIVA: A Very Deep Hierarchy of Latent Variables for Generative Modeling},
  author={Maal{\o}e, Lars and Fraccaro, Marco and others},
	journal={NeurIPS},
	year={2019}
}

@article{dai2019diagnosing,
	title={Diagnosing and Enhancing VAE Models},
	author={Dai, Bin and Wipf, P. David},
	journal={ICLR},
	year={2019}
}

@article{dai2019diagnosing,
  title={Diagnosing and enhancing vae models},
  author={Dai, Bin and Wipf, David},
  journal={arXiv preprint arXiv:1903.05789},
  year={2019}
}

@techreport{krizhevsky2009learning,
  title={Learning multiple layers of features from tiny images},
  author={Krizhevsky, Alex and Hinton, Geoffrey and others},
  year={2009},
  institution={Citeseer}
}

@article{choi2018waic,
  title={Waic, but why? generative ensembles for robust anomaly detection},
  author={Choi, Hyunsun and Jang, Eric and others},
  journal={arXiv preprint arXiv:1810.01392},
  year={2018}
}

@article{song2017pixeldefend,
  title={Pixeldefend: Leveraging generative models to understand and defend against adversarial examples},
  author={Song, Yang and Kim, Taesup and others},
  journal={arXiv preprint arXiv:1710.10766},
  year={2017}
}

@article{song2019unsupervised,
  title={Unsupervised Out-of-Distribution Detection with Batch Normalization},
  author={Song, Jiaming and Song, Yang and others},
  journal={arXiv preprint arXiv:1910.09115},
  year={2019}
}

@inproceedings{hoffman2016elbo,
  title={Elbo surgery: yet another way to carve up the variational evidence lower bound},
  author={Hoffman, Matthew D and Johnson, Matthew J},
  booktitle={Workshop in Advances in Approximate Bayesian Inference, NIPS},
  volume={1},
  year={2016}
}

@article{lake2015human,
  title={Human-level concept learning through probabilistic program induction},
  author={Lake, Brenden M and Salakhutdinov, Ruslan and others},
  journal={Science},
  volume={350},
  number={6266},
  pages={1332--1338},
  year={2015},
  publisher={American Association for the Advancement of Science}
}

@inproceedings{liu2015deep,
  title={Deep learning face attributes in the wild},
  author={Liu, Ziwei and Luo, Ping and others},
  booktitle={Proceedings of the IEEE international conference on computer vision},
  pages={3730--3738},
  year={2015}
}

@inproceedings{song2019generative,
  title={Generative modeling by estimating gradients of the data distribution},
  author={Song, Yang and Ermon, Stefano},
  booktitle={Advances in Neural Information Processing Systems},
  pages={11895--11907},
  year={2019}
}

@article{salimans2017pixelcnn++,
	title={PixelCNN++: Improving the PixelCNN with Discretized Logistic Mixture Likelihood and Other Modifications},
	author={Salimans, Tim and Karpathy, Andrej and Chen, Xi and Kingma, P. Diederik},
	journal={ICLR},
	year={2017}
}

@inproceedings{arjovsky2017wasserstein,
  title={Wasserstein generative adversarial networks},
  author={Arjovsky, Martin and Chintala, Soumith and others},
  booktitle={International conference on machine learning},
  pages={214--223},
  year={2017}
}

@inproceedings{chen2018pixelsnail,
  title={PixelSNAIL: An Improved Autoregressive Generative Model},
  author={Chen, Xi and Mishra, Nikhil and others},
  booktitle={International Conference on Machine Learning},
  pages={863--871},
  year={2018}
}

@inproceedings{gulrajani2017improved,
  title={Improved training of wasserstein gans},
  author={Gulrajani, Ishaan and Ahmed, Faruk and others},
  booktitle={NIPS},
  year={2017}
}

@article{larochelle2011the,
	title={The Neural Autoregressive Distribution Estimator},
	author={Larochelle, Hugo and Murray, Iain},
	journal={AISTATS},
	pages={29--37},
	year={2011}
}

@article{makhzani2015adversarial,
	title={Adversarial Autoencoders},
	author={Makhzani, Alireza and Shlens, Jonathon and Jaitly, Navdeep and Goodfellow, J. Ian},
	journal={CoRR},
	year={2015}
}

@article{metz2017unrolled,
	title={Unrolled Generative Adversarial Networks},
	author={Metz, Luke and Poole, Ben and others},
	journal={ICLR},
	year={2017}
}


@book{gelfand2000calculus,
  title={Calculus of variations},
  author={Gelfand, Izrail Moiseevitch and Silverman, Richard A and others},
  year={2000},
  publisher={Courier Corporation}
}

